@book{vokinger2019re,
	title={Re-Identifikation von Gerichtsurteilen durch" Linkage" von Daten (banken): eine empirische Analyse anhand von Bundesgerichtsbeschwerden gegen (Preisfestsetzungs-) Verf{\"u}gungen von Arzneimitteln},
	author={Vokinger, Kerstin No{\"e}lle and M{\"u}hlematter, Urs Jakob},
	year={2019}
}

@inproceedings{gunawan2019comparison,
	title={Comparison of web scraping techniques: regular expression, HTML DOM and Xpath},
	author={Gunawan, Rohmat and Rahmatulloh, Alam and Darmawan, Irfan and Firdaus, Firman},
	booktitle={2018 International Conference on Industrial Enterprise and System Engineering (ICoIESE 2018)},
	pages={283--287},
	year={2019},
	organization={Atlantis Press}
}

@article{myers2015choosing,
	title={Choosing scrapy},
	author={Myers, Daniel and McGuffee, James W},
	journal={Journal of Computing Sciences in Colleges},
	volume={31},
	number={1},
	pages={83--89},
	year={2015},
	publisher={Consortium for Computing Sciences in Colleges}
}

@article{sirisuriya2015comparative,
	title={A comparative study on web scraping},
	author={Sirisuriya, De S and others},
	journal={Department of Computer Science, Faculty of Computing, General Sir John Kotelawala Defence University, Ratmalana,
	Sri Lanka},
	year={2015}
}